  @book={ref: Unity,
  Title = {Overweming},
  Year = {2019}
 }
 
 
